@phdthesis{Grannaes355273,
    author = {Grann{\ae}s, Marius},
    institution = {Norwegian University of Science and Technology, Department of Computer and Information Science},
    publisher = {NTNU},
    school = {Norwegian University of Science and Technology, Department of Computer and Information Science},
    title = {Reducing Memory Latency by Improving Resource Utilization},
    series = {Doktoravhandlinger ved NTNU},
    number = {2010:106},
    year = {2010}
}
@article{Grannaes481837,
    author = {Grann√¶s, Marius and Jahre, Magnus and Natvig, Lasse},
    ee = {http://www.jilp.org/vol13/v13paper2.pdf},
    journal = {J. Instruction-Level Parallelism},
    keywords = {dblp},
    title = {Storage Efficient Hardware Prefetching using Delta-Correlating Prediction Tables.},
    url = {http://dblp.uni-trier.de/db/journals/jilp/jilp13.html#GrannaesJN11},
    volume = 13,
    year = 2011
}

@phdthesis{Jahre355239,
    author = {Jahre, Magnus},
    institution = {Norwegian University of Science and Technology, Department of Computer and Information Science},
    publisher = {NTNU},
    school = {Norwegian University of Science and Technology, Department of Computer and Information Science},
    title = {Managing Shared Resources in Chip Multiprocessor Memory Systems},
    series = {Doktoravhandlinger ved NTNU},
    number = {2010:159},
    year = {2010}
}

@electronic{Somaen,
    author = {Tr{\o}an S{\o}m{\aa}en, Einar Johan and
              S{\ae}hle, Caroline Anne and
              Schjelderup, Terje and
              Normann, Kristian Fladstad},
    title = {Tiered Delta-Correlating Prediction Table Prefetching},
    year = {2013}
}
